@misc{ wiki:hfc,
    author = "Wikipedia contributors",
    title = "Hybrid fibre-coaxial --- Wikipedia{,} The Free Encyclopedia",
    year = "2018",
    url = "https://en.wikipedia.org/w/index.php?title=Hybrid_fibre-coaxial&oldid=831811238",
    note = "[Online; accessed 26-March-2018]"
  }
  
@misc{ wiki:mnar,
    author = "{Wikipedia contributors}",
    title = "Missing data --- {Wikipedia}{,} The Free Encyclopedia",
    year = "2018",
    url = "https://en.wikipedia.org/w/index.php?title=Missing_data&oldid=844516228",
    note = "[Online; accessed 21-June-2018]"
  }
  
@article{ energy_test,
   author = "Szekely and Rizzo",
   title = "Testing for equal distributions in high dimension",
   year = "2004",
   url = "https://pdfs.semanticscholar.org/ad5e/91905a85d6f671c04a67779fd1377e86d199.pdf3",
   note = "[Online; accessed 25-June-2018]"
 }
 
 @misc{ wiki:ks_test,
    author = "{Wikipedia contributors}",
    title = "Kolmogorovâ€“Smirnov test --- {Wikipedia}{,} The Free Encyclopedia",
    year = "2018",
    url = "https://en.wikipedia.org/w/index.php?title=Kolmogorov%E2%80%93Smirnov_test&oldid=836654041",
    note = "[Online; accessed 25-June-2018]"
  }
  
  @misc{ wiki:null_hyp,
    author = "{Wikipedia contributors}",
    title = "Null hypothesis --- {Wikipedia}{,} The Free Encyclopedia",
    year = "2018",
    url = "https://en.wikipedia.org/w/index.php?title=Null_hypothesis&oldid=846828588",
    note = "[Online; accessed 25-June-2018]"
  }
  
  @misc{ wiki:pvalue,
    author = "{Wikipedia contributors}",
    title = "P-value --- {Wikipedia}{,} The Free Encyclopedia",
    year = "2018",
    url = "https://en.wikipedia.org/w/index.php?title=P-value&oldid=841864108",
    note = "[Online; accessed 25-June-2018]"
  }
  

  @article{ min_energy,
   author = "Zech and Aslan",
   title = "A Multivariate Two-Sample Test Based on the Concept of Minimum Energy",
   year = "2003",
   url = "https://pdfs.semanticscholar.org/60e8/b69d6f91a64231a0ab6bf1ddef1e88fb03f6.pdf",
   note = "[Online; accessed 25-June-2018]"
 }
 
 @article{ two_sample_equality,
   author = "Rolke and Lopez",
   title = "A test for equality of distributions in high dimensions",
   year = "2010",
   url = "https://pdfs.semanticscholar.org/60e8/b69d6f91a64231a0ab6bf1ddef1e88fb03f6.pdf",
   note = "[Online; accessed 25-June-2018]"
 }
 
  @article{ dimensional_object,
   author = "Guo and Patrangenaru",
   title = "Testing for the Equality of two Distributions on High Dimensional Object Spaces",
   year = "2010",
   url = "https://arxiv.org/pdf/1703.07856.pdf",
   note = "[Online; accessed 25-June-2018]"
 }
 
 @misc{ wiki:onehot,
    author = "{Wikipedia contributors}",
    title = "One-hot --- {Wikipedia}{,} The Free Encyclopedia",
    year = "2018",
    url = "https://en.wikipedia.org/w/index.php?title=One-hot&oldid=842497268",
    note = "[Online; accessed 26-June-2018]"
  }
  
  @misc{ wiki:curse,
    author = "{Wikipedia contributors}",
    title = "Curse of dimensionality --- {Wikipedia}{,} The Free Encyclopedia",
    year = "2018",
    url = "https://en.wikipedia.org/w/index.php?title=Curse_of_dimensionality&oldid=841189648",
    note = "[Online; accessed 26-June-2018]"
  }
  
  @misc{ pca,
    author = "Urbanke and Jaggi",
    title = "SVD and PCA (Lecture)",
    year = "2018",
    url = "https://github.com/epfml/ML_course/raw/master/lectures/11/lecture11a_pca.pdf",
    note = "[Online; accessed 26-June-2018]"
  }
  
  @misc{ wiki:lda,
    author = "{Wikipedia contributors}",
    title = "Linear discriminant analysis --- {Wikipedia}{,} The Free Encyclopedia",
    year = "2018",
    url = "https://en.wikipedia.org/w/index.php?title=Linear_discriminant_analysis&oldid=842699562",
    note = "[Online; accessed 26-June-2018]"
  }
  
  @misc{ silhouette,
    author = "Phil Spector",
    title = "Concepts in Computing with Data, Performing and Interpreting Cluster Analysis",
    year = "2011",
    url = "https://www.stat.berkeley.edu/~spector/s133/Clus.html",
    note = "[Online; accessed 26-June-2018]"
  }
  
  @misc{ wiki:f1,
    author = "{Wikipedia contributors}",
    title = "F1 score --- {Wikipedia}{,} The Free Encyclopedia",
    year = "2018",
    url = "https://en.wikipedia.org/w/index.php?title=F1_score&oldid=841695054",
    note = "[Online; accessed 26-June-2018]"
  }
  
  @misc{ wiki:roc,
    author = "{Wikipedia contributors}",
    title = "Receiver operating characteristic --- {Wikipedia}{,} The Free Encyclopedia",
    year = "2018",
    url = "https://en.wikipedia.org/w/index.php?title=Receiver_operating_characteristic&oldid=846742304",
    note = "[Online; accessed 26-June-2018]"
  }
  
  @misc{ wiki:cv,
    author = "{Wikipedia contributors}",
    title = "Cross-validation (statistics) --- {Wikipedia}{,} The Free Encyclopedia",
    year = "2018",
    url = "https://en.wikipedia.org/w/index.php?title=Cross-validation_(statistics)&oldid=846958290",
    note = "[Online; accessed 26-June-2018]"
  }
  
  @misc{ PRcurve,
    author = "Davis and Goadrich",
    title = "The Relationship Between Precision-Recall and ROC Curves",
    year = "2006",
    url = "https://www.biostat.wisc.edu/~page/rocpr.pdf",
    note = "[Online; accessed 26-June-2018]"
  }
  


@misc{ apples,
    author = "Forman and Scholz",
    title = "Apples-to-Apples in Cross-Validation Studies: Pitfalls in Classifier Performance Measurement",
    year = "2010",
    url = "https://www.biostat.wisc.edu/~page/rocpr.pdf",
    note = "[Online; accessed 26-June-2018]"
  }
  
  @misc{ tuningGB,
    author = "Aarshay Jain",
    title = "Complete Guide to Parameter Tuning in Gradient Boosting (GBM) in Python",
    year = "2016",
    url = "https://www.analyticsvidhya.com/blog/2016/02/complete-guide-parameter-tuning-gradient-boosting-gbm-python/",
    note = "[Online; accessed 27-June-2018]"
  }